@Thesis{stricker_natalie_2024bt,
  author = {Stricker, Natalie},
  title = {{Entwurf und Implementierung einer Webanwendung zur automatisierten Erstellung von TechReports f√ºr Abschlussarbeiten}},                                               
  institution = {Ostbayerische Technische Hochschule Amberg\-/Weiden},
  year = 2024,
  month = nov,
  type = {Bachelorarbeit},
}