@misc{yadav2022automatictextsummarizationmethods,
      title={Automatic Text Summarization Methods: A Comprehensive Review}, 
      author={Divakar Yadav and Jalpa Desai and Arun Kumar Yadav},
      year={2022},
      eprint={2204.01849},
      archivePrefix={arXiv},
      primaryClass={cs.CL},
      url={https://arxiv.org/abs/2204.01849},
      howpublished = {\url{https://arxiv.org/abs/2204.01849}},
}

@misc{celikyilmaz2021evaluationtextgenerationsurvey,
      title={Evaluation of Text Generation: A Survey}, 
      author={Asli Celikyilmaz and Elizabeth Clark and Jianfeng Gao},
      year={2021},
      eprint={2006.14799},
      archivePrefix={arXiv},
      primaryClass={cs.CL},
      url={https://arxiv.org/abs/2006.14799}, 
}

@misc{aczel_wagenmakers_2023,
 title={Transparency Guidance  for ChatGPT Usage in Scientific Writing},
 url={osf.io/preprints/psyarxiv/b58ex},
 DOI={10.31234/osf.io/b58ex},
 publisher={PsyArXiv},
 author={Aczel, Balazs and Wagenmakers, Eric-Jan},
 year={2023},
 month={Feb}
}

@misc{microsoft_copilot,
  title        = {Microsoft 365 Copilot für Word},
  howpublished = {\url{https://copilot.cloud.microsoft/de-de/copilot-word#ID0EBBD=Erstellen}},
  note         = {Zugegriffen: 29. Oktober 2024},
  year         = {2024},
  author       = {Microsoft},
}

@misc{microsoft_copilot_overview,
  title        = {Microsoft Copilot Overview},
  howpublished = {\url{https://www.microsoft.com/de-de/microsoft-copilot/organizations}},
  note         = {Zugegriffen: 29. Oktober 2024},
  year         = {2024},
  author       = {Microsoft},
}

@misc{Gemini_overview,
  title        = {Introducing Gemini, Googles Next-Generation AI},
  howpublished = {\url{https://blog.google/technology/ai/google-gemini-ai}},
  note         = {Zugegriffen: 29. Oktober 2024},
  year         = {2023},
  author       = {Sundar Pichai, Demis Hassabis},
  organization = {Google Blog}
}

@misc{microsoft_word,
  title        = {Microsoft Word},
  howpublished = {\url{https://www.microsoft.com/de-de/microsoft-365/word}},
  note         = {Zugegriffen: 29. Oktober 2024},
  year         = {2024},
  author       = {Microsoft},
}

@misc{latexproject,
  author       = {LaTeX Project},
  title        = {The LaTeX Project Website},
  year         = {2024},
  howpublished = {\url{https://www.latex-project.org}},
  note         = {Zugegriffen: 29. Oktober 2024}
}

@misc{vaswani2023attentionneed,
      title={Attention Is All You Need}, 
      author={Ashish Vaswani and Noam Shazeer and Niki Parmar and Jakob Uszkoreit and Llion Jones and Aidan N. Gomez and Lukasz Kaiser and Illia Polosukhin},
      year={2023},
      eprint={1706.03762},
      archivePrefix={arXiv},
      primaryClass={cs.CL},
      url={https://arxiv.org/abs/1706.03762}, 
}

@book{friedl2009regulare,
  title={Regul{\"a}re Ausdr{\"u}cke},
  author={Friedl, Jeffrey EF},
  year={2009},
  publisher={O'Reilly Germany}
}

@book{vetter2013aufbau,
  title={Aufbau betrieblicher Informationssysteme: mittels konzeptioneller Datenmodellierung},
  author={Vetter, Max},
  year={2013},
  publisher={Springer-Verlag}
}

@article{10.1145/3641289,
author = {Chang, Yupeng and Wang, Xu and Wang, Jindong and Wu, Yuan and Yang, Linyi and Zhu, Kaijie and Chen, Hao and Yi, Xiaoyuan and Wang, Cunxiang and Wang, Yidong and Ye, Wei and Zhang, Yue and Chang, Yi and Yu, Philip S. and Yang, Qiang and Xie, Xing},
title = {A Survey on Evaluation of Large Language Models},
year = {2024},
issue_date = {June 2024},
publisher = {Association for Computing Machinery},
address = {New York, NY, USA},
volume = {15},
number = {3},
issn = {2157-6904},
url = {https://doi.org/10.1145/3641289},
doi = {10.1145/3641289},
abstract = {Large language models (LLMs) are gaining increasing popularity in both academia and industry, owing to their unprecedented performance in various applications. As LLMs continue to play a vital role in both research and daily use, their evaluation becomes increasingly critical, not only at the task level, but also at the society level for better understanding of their potential risks. Over the past years, significant efforts have been made to examine LLMs from various perspectives. This paper presents a comprehensive review of these evaluation methods for LLMs, focusing on three key dimensions: what to evaluate, where to evaluate, and how to evaluate. Firstly, we provide an overview from the perspective of evaluation tasks, encompassing general natural language processing tasks, reasoning, medical usage, ethics, education, natural and social sciences, agent applications, and other areas. Secondly, we answer the ‘where’ and ‘how’ questions by diving into the evaluation methods and benchmarks, which serve as crucial components in assessing the performance of LLMs. Then, we summarize the success and failure cases of LLMs in different tasks. Finally, we shed light on several future challenges that lie ahead in LLMs evaluation. Our aim is to offer invaluable insights to researchers in the realm of LLMs evaluation, thereby aiding the development of more proficient LLMs. Our key point is that evaluation should be treated as an essential discipline to better assist the development of LLMs. We consistently maintain the related open-source materials at:},
journal = {ACM Trans. Intell. Syst. Technol.},
month = mar,
articleno = {39},
numpages = {45},
keywords = {Large language models, evaluation, model assessment, benchmark}
}

@INPROCEEDINGS{9358703,
  author={Awasthi, Ishitva and Gupta, Kuntal and Bhogal, Prabjot Singh and Anand, Sahejpreet Singh and Soni, Piyush Kumar},
  booktitle={2021 6th International Conference on Inventive Computation Technologies (ICICT)}, 
  title={Natural Language Processing (NLP) based Text Summarization - A Survey}, 
  year={2021},
  volume={},
  number={},
  pages={1310-1317},
  abstract={The size of data on the Internet has risen in an exponential manner over the past decade. Thus, the need for a solution emerges, that transforms this vast raw information into useful information which a human brain can understand. One such common technique in research that helps in dealing with enormous data is text summarization. Automatic summarization is a renowned approach which is used to reduce a document to its main ideas. It operates by preserving substantial information by creating a shortened version of the text. Text Summarization is categorized into Extractive and Abstractive methods. Extractive methods of summarization minimize the burden of summarization by choosing from the actual text a subset of sentences that are relevant. Although there are a ton of methods, researchers specializing in Natural Language Processing (NLP) are particularly drawn to extractive methods. Based on linguistic and statistical characteristics, the implications of sentences are calculated. A study of extractive and abstract methods for summarizing texts has been made in this paper. This paper also analyses above mentioned methods which yields a less repetitive and a more concentrated summary.},
  keywords={Transforms;Linguistics;Natural language processing;Internet;Text summarization;extractive;abstractive;reinforcement learning;supervised;unsupervised},
  doi={10.1109/ICICT50816.2021.9358703},
  ISSN={},
  month={Jan},}

@article {Federspiele010435,
	author = {Federspiel, Frederik and Mitchell, Ruth and Asokan, Asha and Umana, Carlos and McCoy, David},
	title = {Threats by artificial intelligence to human health and human existence},
	volume = {8},
	number = {5},
	elocation-id = {e010435},
	year = {2023},
	doi = {10.1136/bmjgh-2022-010435},
	publisher = {BMJ Specialist Journals},
	abstract = {While artificial intelligence (AI) offers promising solutions in healthcare, it also poses a number of threats to human health and well-being via social, political, economic and security-related determinants of health. We describe three such main ways misused narrow AI serves as a threat to human health: through increasing opportunities for control and manipulation of people; enhancing and dehumanising lethal weapon capacity and by rendering human labour increasingly obsolescent. We then examine self-improving {\textquoteleft}artificial general intelligence{\textquoteright} (AGI) and how this could pose an existential threat to humanity itself. Finally, we discuss the critical need for effective regulation, including the prohibition of certain types and applications of AI, and echo calls for a moratorium on the development of self-improving AGI. We ask the medical and public health community to engage in evidence-based advocacy for safe AI, rooted in the precautionary principle.There are no data in this work.},
	URL = {https://gh.bmj.com/content/8/5/e010435},
	eprint = {https://gh.bmj.com/content/8/5/e010435.full.pdf},
	journal = {BMJ Global Health}
}

@misc{fraiwan2023reviewchatgptapplicationseducation,
      title={A Review of ChatGPT Applications in Education, Marketing, Software Engineering, and Healthcare: Benefits, Drawbacks, and Research Directions}, 
      author={Mohammad Fraiwan and Natheer Khasawneh},
      year={2023},
      eprint={2305.00237},
      archivePrefix={arXiv},
      primaryClass={cs.CY},
      url={https://arxiv.org/abs/2305.00237}, 
}

@book{beaird2020principles,
  title={The principles of beautiful web design},
  author={Beaird, Jason and Walker, Alex and George, James},
  year={2020},
  publisher={SitePoint Pty Ltd}
}

@Inbook{Japikse2020,
author="Japikse, Philip
and Grossnicklaus, Kevin
and Dewey, Ben",
title="Introduction to TypeScript",
bookTitle="Building Web Applications with .NET Core 2.1 and JavaScript: Leveraging Modern JavaScript Frameworks",
year="2020",
publisher="Apress",
address="Berkeley, CA",
pages="413--468",
abstract="TypeScript is a relatively new language designed and built ``on top'' of JavaScript. The syntax of TypeScript is the same as JavaScript, and any valid JavaScript can also be considered TypeScript. As a language, TypeScript contains several powerful features not included in native JavaScript, including strong typing, object-oriented capabilities via classes and interfaces, generics, and access to the newest ECMAScript features. Many of these new features will make TypeScript feel much more comfortable to C{\#} developers than native JavaScript. At its lowest level, TypeScript is a JavaScript transpiler. A transpiler is a source to source compiler. Transpilers take a language and add some keywords and functionality to it. Then, at build time, those extra keywords and functionality are compiled back to the original language. To sum up, TypeScript adds features to JavaScript and then compiles those features back to pure JavaScript for deployment. Since the output is standard JavaScript, it runs on any platform without any changes or special requirements.",
isbn="978-1-4842-5352-6",
doi="10.1007/978-1-4842-5352-6_10",
url="https://doi.org/10.1007/978-1-4842-5352-6_10"
}

@misc{white2023promptpatterncatalogenhance,
      title={A Prompt Pattern Catalog to Enhance Prompt Engineering with ChatGPT}, 
      author={Jules White and Quchen Fu and Sam Hays and Michael Sandborn and Carlos Olea and Henry Gilbert and Ashraf Elnashar and Jesse Spencer-Smith and Douglas C. Schmidt},
      year={2023},
      eprint={2302.11382},
      archivePrefix={arXiv},
      primaryClass={cs.SE},
      url={https://arxiv.org/abs/2302.11382}, 
}

@book{de2017api,
  title={API management},
  author={De, Brajesh and De, Brajesh},
  year={2017},
  publisher={Springer}
}

@book{hamm2014wireframing,
  title={Wireframing essentials},
  author={Hamm, Matthew J},
  year={2014},
  publisher={Packt Publishing Ltd}
}

@article{rumpe2004sequenzdiagramme,
  title={Sequenzdiagramme},
  author={Rumpe, Bernhard and Rumpe, Bernhard},
  journal={Modellierung mit UML: Sprache, Konzepte und Methodik},
  pages={241--260},
  year={2004},
  publisher={Springer}
}

@article{kleuker2013anforderungsanalyse,
  title={Anforderungsanalyse},
  author={Kleuker, Stephan and Kleuker, Stephan},
  journal={Grundkurs Software-Engineering mit UML: Der pragmatische Weg zu erfolgreichen Softwareprojekten},
  pages={55--92},
  year={2013},
  publisher={Springer}
}

@book{krug2018don,
  title={Don't make me think!: Web \& Mobile Usability: Das intuitive Web},
  author={Krug, Steve},
  year={2018},
  publisher={MITP-Verlags GmbH \& Co. KG}
}

@book{bartel2013farben,
  title={Farben im Webdesign: Symbolik, Farbpsychologie, Gestaltung},
  author={Bartel, Stefanie},
  year={2013},
  publisher={Springer-Verlag}
}

@Inbook{Naumann2024,
author="Naumann, J{\"o}rg",
title="Setzen Sie auf gutes Webdesign",
bookTitle="Die Praxis-Website: Ein Einstieg f{\"u}r Mediziner und Therapeuten",
year="2024",
publisher="Springer Fachmedien Wiesbaden",
address="Wiesbaden",
pages="51--78",
abstract="Sobald ein Benutzer Ihre Website zum ersten Mal besucht, entscheidet er unbewusst in den ersten Sekunden, ob ihm gef{\"a}llt, was er sieht oder nicht. Die visuelle Attraktivit{\"a}t kann innerhalb von 50 Millisekunden beurteilt werden. Das bedeutet, dass Webdesigner etwa 50 Millisekunden Zeit haben, um einen guten ersten Eindruck zu hinterlassen.",
isbn="978-3-658-44655-0",
doi="10.1007/978-3-658-44655-0_5",
url="https://doi.org/10.1007/978-3-658-44655-0_5"
}

@book{preim2015interaktive,
  title={Interaktive Systeme: Band 2: User Interface Engineering, 3D-Interaktion, Natural User Interfaces},
  author={Preim, Bernhard and Dachselt, Raimund},
  year={2015},
  publisher={Springer-Verlag}
}

@book{dunning1994statistical,
  title={Statistical identification of language},
  author={Dunning, Ted},
  year={1994},
  publisher={Computing Research Laboratory, New Mexico State University Las Cruces}
}

@book{rau2016agile,
  title={Agile objektorientierte Software-Entwicklung},
  author={Rau, Karl-Heinz},
  volume={1, 3.3},
  year={2016},
  publisher={Springer}
}

@misc{multer,
  author       = {OpenJSFoundation},
  title        = {Multer - Node.js middleware for handling multipart/form-data},
  year         = {2024},
  howpublished = {\url{https://expressjs.com/en/resources/middleware/multer.html}},
  note         = {Zugegriffen: 04. November 2024}
}

@article{jamwal2010analysis,
  title={Analysis of software quality models for organizations},
  author={Jamwal, Deepshikha},
  journal={International Journal of Latest Trends in Computing},
  volume={1},
  number={2},
  pages={19--23},
  year={2010}
}

@inproceedings{singh2018user,
  title={User's Perspective of Software Quality},
  author={Singh, Jagannath and Kassie, Nigussu Bitew},
  booktitle={2018 Second International Conference on Electronics, Communication and Aerospace Technology (ICECA)},
  pages={1958--1963},
  year={2018},
  organization={IEEE}
}

@book{saake2019datenbanken,
  title={Datenbanken. Implementierungstechniken},
  author={Saake, Gunther and Sattler, Kai-Uwe and Heuer, Andreas},
  year={2019},
  publisher={MITP-Verlags GmbH \& Co. KG}
}

@article{patton2001evaluation,
  title={Evaluation, knowledge management, best practices, and high quality lessons learned},
  author={Patton, Michael Quinn},
  journal={The American journal of evaluation},
  volume={22},
  number={3},
  pages={329--336},
  year={2001},
  publisher={Elsevier}
}

@book{rinza2013nutzwert,
  title={Nutzwert-Kosten-Analyse: eine Entscheidungshilfe},
  author={Rinza, Peter},
  year={2013},
  publisher={Springer-Verlag}
}

@incollection{manderscheid2022text,
  title={Text Mining},
  author={Manderscheid, Katharina},
  booktitle={Handbuch Methoden der empirischen Sozialforschung},
  pages={1719--1732},
  year={2022},
  publisher={Springer}
}

@article{euler2006spracherkennung,
  title={Spracherkennung},
  author={Euler, Stephen},
  journal={Grundkurs Spracherkennung: Vom Sprachsignal zum Dialog—Grundlagen und Anwendung verstehen—Mit praktischen {\"U}bungen},
  pages={15--27},
  year={2006},
  publisher={Springer}
}

@article{vyas2022comparative,
  title={Comparative analysis on front-end frameworks for web applications},
  author={Vyas, Rishi},
  journal={International Journal for Research in Applied Science and Engineering Technology},
  volume={10},
  number={7},
  pages={298--307},
  year={2022}
}

@article{lazuardy2022modern,
  title={Modern front end web architectures with react. js and next. js},
  author={Lazuardy, Mochammad Fariz Syah and Anggraini, Dyah},
  journal={Research Journal of Advanced Engineering and Science},
  volume={7},
  number={1},
  pages={132--141},
  year={2022}
}

@article{fink2014introducing,
  title={Introducing single page applications},
  author={Fink, Gil and Flatow, Ido and Fink, Gil and Flatow, Ido},
  journal={Pro single page application development: Using backbone. js and asp. net},
  pages={3--13},
  year={2014},
  publisher={Springer}
}

@misc{banerjee2023benchmarkingllmpoweredchatbots,
      title={Benchmarking LLM powered Chatbots: Methods and Metrics}, 
      author={Debarag Banerjee and Pooja Singh and Arjun Avadhanam and Saksham Srivastava},
      year={2023},
      eprint={2308.04624},
      archivePrefix={arXiv},
      primaryClass={cs.CL},
      url={https://arxiv.org/abs/2308.04624}, 
}

@article{rosenfeld2024whose,
  title={Whose LLM is it Anyway? Linguistic Comparison and LLM Attribution for GPT-3.5, GPT-4 and Bard},
  author={Rosenfeld, Ariel and Lazebnik, Teddy},
  journal={arXiv preprint arXiv:2402.14533},
  year={2024}
}

@techreport{fisher2024large,
  title={Large Language Model (LLM) Comparison Research},
  author={Fisher, William M and Wagner, Nicholas and Garrison, Kevin},
  year={2024},
  institution={Acquisition Research Program}
}

@article{kumar2024ethics,
  title={The ethics of interaction: Mitigating security threats in llms},
  author={Kumar, Ashutosh and Murthy, Shiv Vignesh and Singh, Sagarika and Ragupathy, Swathy},
  journal={arXiv preprint arXiv:2401.12273},
  year={2024}
}

@article{gibbs2017google,
  title={Google sibling waymo launches fully autonomous ride-hailing service},
  author={Gibbs, Samuel},
  journal={The Guardian},
  volume={7},
  year={2017},
  publisher={The Guardian}
}

@article{el2021automatic,
  title={Automatic text summarization: A comprehensive survey},
  author={El-Kassas, Wafaa S and Salama, Cherif R and Rafea, Ahmed A and Mohamed, Hoda K},
  journal={Expert systems with applications},
  volume={165},
  pages={113679},
  year={2021},
  publisher={Elsevier}
}

@misc{anslinger2021faire,
  title={Faire KI-(wie) geht das?},
  author={Anslinger, Julian},
  year={2021},
  publisher={IFZ--Interdisziplin{\"a}res Forschungszentrum f{\"u}r Technik, Arbeit und Kultur}
}

@article{wang2023review,
  title={Review of large vision models and visual prompt engineering},
  author={Wang, Jiaqi and Liu, Zhengliang and Zhao, Lin and Wu, Zihao and Ma, Chong and Yu, Sigang and Dai, Haixing and Yang, Qiushi and Liu, Yiheng and Zhang, Songyao and others},
  journal={Meta-Radiology},
  pages={100047},
  year={2023},
  publisher={Elsevier}
}

@article{chan2023students,
  title={Students’ voices on generative AI: Perceptions, benefits, and challenges in higher education},
  author={Chan, Cecilia Ka Yuk and Hu, Wenjie},
  journal={International Journal of Educational Technology in Higher Education},
  volume={20},
  number={1},
  pages={43},
  year={2023},
  publisher={Springer}
}

@misc{openai_overview,
  author    = {OpenAI},
  title     = {ChatGPT Overview},
  year      = {2024},
  howpublished = {\url{https://openai.com/chatgpt/overview/}},
  note      = {Zugegriffen: 31. Oktober 2024}
}

@misc{openai_quickstart,
  author    = {OpenAI},
  title     = {Quickstart Guide for Text Generation},
  year      = {2024},
  howpublished = {\url{https://platform.openai.com/docs/guides/text-generation/quickstart}},
  note      = {Zugegriffen: 31. Oktober 2024}
}

@misc{openai_pricing,
  author    = {OpenAI},
  title     = {API Pricing},
  year      = {2024},
  howpublished = {\url{https://openai.com/api/pricing/}},
  note      = {Zugegriffen: 31. Oktober 2024}
}

@misc{openai_tokens_guide,
  author    = {OpenAI},
  title     = {What are tokens and how to count them?},
  year      = {2024},
  howpublished = {\url{https://help.openai.com/en/articles/4936856}},
  note      = {Zugegriffen: 30. Oktober 2024}
}

@misc{fotor,
  author       = {Fotor},
  title        = {Fotor – Online Photo Editing and Graphic Design Tool},
  year         = {2024},
  howpublished = {\url{https://www.fotor.com}},
  note         = {Zugegriffen: 30. Oktober 2024}
}

@misc{battlesprout,
  author       = {Cyberlytics and Barbee Montell and Kasseckert Tassilo and Kietzer Rebecca and Klinger Fabian and Petrov Illia and Schmidt Fabian and Stricker Natalie},
  title        = {BattleSprout - Web Application Project},
  year         = {2023},
  howpublished = {\url{https://github.com/cyberlytics/BattleSprout}},
  note         = {Zugegriffen: 17. November 2024}
}

@misc{react_website,
  title = {React - A JavaScript library for building user interfaces},
  author = {{Meta Platforms, Inc.}},
  year = {2024},
  howpublished = {\url{https://react.dev}},
  note = {Zugegriffen: 30. Oktober 2024}
}

@misc{levi2024vocabularyattackhijacklarge,
      title={Vocabulary Attack to Hijack Large Language Model Applications}, 
      author={Patrick Levi and Christoph P. Neumann},
      year={2024},
      eprint={2404.02637},
      archivePrefix={arXiv},
      primaryClass={cs.CR},
      url={https://arxiv.org/abs/2404.02637}, 
}

@article{mili2004understanding,
  title={Understanding separation of concerns},
  author={Mili, Hafedh and Elkharraz, Amel and Mcheick, Hamid},
  journal={Early aspects: aspect-oriented requirements engineering and architecture design},
  pages={75--84},
  year={2004},
  publisher={Citeseer}
}

@inproceedings{mittelbach2024accessible,
  author       = {Frank Mittelbach and Ulrike Fischer and David Carlisle and Joseph Wright},
  title        = {Automatically producing accessible and reusable PDFs with LATEX},
  booktitle    = {Proceedings of the ACM Symposium on Document Engineering 2024 (DocEng '24)},
  year         = {2024},
  location     = {San Jose, CA, USA},
  publisher    = {ACM},
  address      = {New York, NY, USA},
  pages        = {4},
  doi          = {10.1145/3685650.3685670},
  url          = {https://www.latex-project.org/publications/indexbyyear/2024/},
  isbn         = {979-8-4007-1169-5/24/08}
}

@phdthesis{schotter_tobias_2022bt,
  author = {Schotter, Tobias},
  title = {{Evaluation von Qubes OS f{\"u}r den Einsatz in Klein- und Mittelst{\"a}ndischen SW\-/Entwicklungsunternehmen}},
  school = {Ostbayerische Technische Hochschule Amberg\-/Weiden},
  year = 2022,
  month = feb,
  type = {Bachelorarbeit},
  _url = {https://www.cyberlytics.eu/theses/all/OTH-AW/BT_2022_Schotter_Tobias_Thesis/BT_2022_Schotter_Tobias_Thesis.pdf},
}

@phdthesis{hoffmann_tim_2022bt,
  author = {Hoffmann, Tim},
  title = {{Entwurf und Implementierung einer Progressiven Web App am Beispiel der technischen Transition einer Cloud\-/L{\"o}sung f{\"u}r webbasierte Datenbearbeitung und Reporting}},
  school = {Ostbayerische Technische Hochschule Amberg\-/Weiden},
  year = 2022,
  month = apr,
  type = {Bachelorarbeit},
  _url = {https://www.cyberlytics.eu/theses/all/OTH-AW/BT_2022_Hoffmann_Tim_Thesis/BT_2022_Hoffmann_Tim_Thesis.pdf},
  note = {In Kooperation mit der INSIGMA IT Engineering GmbH},
}